@article{torrente2014towards,
  title={Towards a low cost adaptation of educational games for people with disabilities},
  author={Torrente Vigil, Javier and Blanco, {\'A}ngel del and Serrano Laguna, {\'A}ngel and Vallejo Pinto, Jos{\'e} Angel and Moreno Ger, Pablo and Fern{\'a}ndez Manj{\'o}n, Baltasar and others},
  journal={Computer Science and Information Systems},
  year={2014},
  publisher={ComSIS Consortium}
}
 
@article{eskelinen2001gaming,
  title={The gaming situation},
  author={Eskelinen, Markku},
  journal={Game studies},
  volume={1},
  number={1},
  pages={68},
  year={2001}
}

@book{ryan2017computer,
  title={Computer and internet use in the United States: 2016},
  author={Ryan, Camille L and Lewis, Jamie M},
  year={2017},
  publisher={US Department of Commerce, Economics and Statistics Administration, US~â€¦}
}

@article{brown2019wealthy,
  title={Wealthy Whites and poor Blacks: Implicit associations between racial groups and wealth predict explicit opposition toward helping the poor},
  author={Brown-Iannuzzi, Jazmin L and Cooley, Erin and McKee, Stephanie E and Hyden, Charly},
  journal={Journal of Experimental Social Psychology},
  volume={82},
  pages={26--34},
  year={2019},
  publisher={Elsevier}
}

@inproceedings{malone1981makes,
  title={What makes computer games fun?},
  author={Malone, Thomas},
  booktitle={Proceedings of the Joint Conference on Easier and More Productive Use of Computer Systems.(Part-II): Human Interface and the User Interface-Volume 1981},
  pages={143},
  year={1981}
}

@article{atkinson2007interactive,
  title={Interactive example-based learning environments: Using interactive elements to encourage effective processing of worked examples},
  author={Atkinson, Robert K and Renkl, Alexander},
  journal={Educational Psychology Review},
  volume={19},
  number={3},
  pages={375--386},
  year={2007},
  publisher={Springer}
}

@article{qin2009measuring,
  title={Measuring player immersion in the computer game narrative},
  author={Qin, Hua and Patrick Rau, Pei-Luen and Salvendy, Gavriel},
  journal={Intl. Journal of Human--Computer Interaction},
  volume={25},
  number={2},
  pages={107--133},
  year={2009},
  publisher={Taylor \& Francis}
}

@book{blascovich2011infinite,
  title={Infinite reality: Avatars, eternal life, new worlds, and the dawn of the virtual revolution},
  author={Blascovich, Jim and Bailenson, Jeremy},
  year={2011},
  publisher={William Morrow \& Co}
}

@article{mangiron2013subtitling,
  title={Subtitling in game localisation: a descriptive study},
  author={Mangiron, Carmen},
  journal={Perspectives},
  volume={21},
  number={1},
  pages={42--56},
  year={2013},
  publisher={Taylor \& Francis}
}